@techreport{brindescu2014centralized,
  title={How Do Centralized and Distributed Version Control Systems Impact Software Changes?},
  author={Brindescu, Caius and Codoban, Mihai and Shmarkatiuk, Sergii and Dig, Danny},
  year={2014},
  institution={Corvallis, OR: Oregon State University, Dept. of Computer Science}
}

@misc{klm,
howpublished = {\url{http://en.wikipedia.org/wiki/KLM-GOMS}},
note = {Accessed March 14th, 2014},
title = {Keystroke Level Model},
}